@inproceedings{bergenholtz_finding_2019,
	address = {New York},
	title = {Finding a needle in a haystack - {A} comparative study of {IPv6} scanning methods},
	isbn = {978-1-72811-244-2},
	language = {English},
	booktitle = {2019 {International} {Symposium} on {Networks}, {Computers} and {Communications} (isncc 2019)},
	publisher = {Ieee},
	author = {Bergenholtz, Erik and Ilie, Dragos and Moss, Andrew and Casalicchio, Emiliano},
	year = {2019},
	note = {ISSN: 2472-4386
WOS:000520478600045},
	keywords = {ipv6, cyber scanning, host discovery, ipv6 scanning, penetration testing},
}
